@article{bormann2015constrained,
  title={The Constrained Application Protocol (CoAP)},
  author={Bormann, C and Hartke, K and Shelby, Z},
  journal={RFC 7252},
  year={2015}
}

@article{pi3model,
  title={model B},
  author={Pi, Raspberry},
  journal={Raspberrypi. org. Saatavissa: https://www.raspberrypi.org/products/raspberry-pi-3-model-b/},
  volume={6},
  pages={2018},
  year={3}
}

@inproceedings{kumar2016iot,
  title={An IoT based patient monitoring system using raspberry Pi},
  author={Kumar, R and Rajasekaran, M Pallikonda},
  booktitle={Computing Technologies and Intelligent Data Engineering (ICCTIDE), International Conference on},
  pages={1--4},
  year={2016},
  organization={IEEE}
}

@article{miorandi2012internet,
  title={Internet of things: Vision, applications and research challenges},
  author={Miorandi, Daniele and Sicari, Sabrina and De Pellegrini, Francesco and Chlamtac, Imrich},
  journal={Ad hoc networks},
  volume={10},
  number={7},
  pages={1497--1516},
  year={2012},
  publisher={Elsevier}
}

@techreport{ofcom2018,
  title={Communications Market Report},
  author={Ofcom},
  year={2018},
  url={https://www.ofcom.org.uk/research-and-data/multi-sector-research/cmr/cmr-2018/report}
}
